@Article{FAO1997,
  author = {FAO},
  title  = {Enfoque Precautorio para la Pesca de Captura y la Introduccion de especies. FAO ´Orientaciones Tecnicas para la Pesca Responsable. N°2. Roma.},
  year   = {1997},
  pages  = {64},
}

@Article{FAO2003,
  author = {FAO},
  title  = {La ordenacion pesquera. El enfoque de ecosistemas en la pesca. FAO Orientaciones ´tecnicas para la pesca responsable. No. 4, Supl. 2. Roma,},
  year   = {2003},
  pages  = {133},
}

@article{reyes2017problemas,
  title={Problemas globales, respuestas locales: planes de manejo como articuladores de un sistema de gobernabilidad polic{\'e}ntrica de los recursos pesqueros},
  author={Reyes, Francisca and Gelcich, Stefan and R{\'\i}os, Monica},
  journal={Propuestas para Chile},
  pages={121},
  year={2017},
  publisher={Centro UC Pol{\'\i}ticas P{\'u}blicas, Pontificia Universidad Cat{\'o}lica de Chile~…}
}

@article{leal2011informe,
  title={Informe final. Convenio investigaci{\'o}n del estatus y evaluaci{\'o}n de estrategias de exploatci{\'o}n sustentables 2011, de las principales pesquer{\'\i}as chilenas. Meta cualitativa: estatus de especies pesqueras 2011.},
  author={Leal Fa{\'u}ndez, E and Esp{\'\i}ndola Rebolledo, F and Wiff Onetto, R and Quiroz Espinosa, J and Pay{\'a} Contreras, IS and Contreras Mej{\'\i}as, F and Tascheri Oyaneder, R and Montenegro Silva, C and Bucarey Sep{\'u}lveda, D and Serra Beherns, J and others},
  year={2011},
  publisher={Instituto de Fomento Pesquero}
}

@article{maunder20089th,
  title={9th stock assessment review meeting},
  author={Maunder, Mark N and Aires-Da-Silva, Alexandre},
  year={2008}
}

@Article{Paya2014,
  author  = {Payá, I and Canales, C and Bucarey, D and Canales, M and Contreras, F and Leal, E and Tascheri, R and Y\'a\~nez, A and Z\'u\~niga, MJ},
  journal = {Convenio II: estatus y posibilidades de explotación biológicamente sustentables de los principales recursos pesqueros nacionales año},
  title   = {Proyecto 2.16: revisión de los puntos biológicos de referencia (Rendimiento Máximo Sostenible) en las pesquerías nacionales},
  year    = {2014},
}

@article{tsukamoto2008refocusing,
  title={Refocusing Stock Assessment in Support of Policy Evaluation},
  author={Tsukamoto, K and Kawamura, T and Takeuchi, T and Beard Jr, TD and Kaiser, MJ},
  journal={Fisheries for Global Welfare and Environment},
  pages={139},
  year={2008},
  publisher={Citeseer}
}

@article{claramunt2012inter,
  title={Inter-annual reproductive trait variation and spawning habitat preferences of Engraulis ringens off northern Chile},
  author={Claramunt, Gabriel and Castro, Leonardo R and Cubillos, Luis A and Hirche, Hans-J{\"u}rgen and Perez, Graciela and Braun, Mauricio},
  journal={Revista de biolog{\'\i}a marina y oceanograf{\'\i}a},
  volume={47},
  number={2},
  pages={227--243},
  year={2012},
  publisher={Universidad de Valpara{\'\i}so}
}

@article{cubillos2007synchronous,
  title={Synchronous pattern of fluctuation in three anchovy fisheries in the Humboldt Current System},
  author={Cubillos, Luis A and Serra, Rodolfo and Fr{\'e}on, Pierre},
  journal={Aquatic Living Resources},
  volume={20},
  number={1},
  pages={69--75},
  year={2007},
  publisher={EDP Sciences}
}

@article{serra2012final,
  title={Final Report. Convention status biologically sustainable exploitation of fisheries resources major national, 2012: Anchovies XV-2012 II regions.},
  author={Serra Beherns, J and Canales Ram{\'\i}rez, C},
  year={2012},
  publisher={Instituto de Fomento Pesquero}
}

@article{canales2009parametros,
  title={Par{\'a}metros de historia de vida de la anchoveta Engraulis ringens Jenyns, 1842, en la zona centro norte de Chile},
  author={Canales, T Mariella and Leal, Elson},
  journal={Revista de biolog{\'\i}a marina y oceanograf{\'\i}a},
  volume={44},
  number={1},
  pages={173--179},
  year={2009},
  publisher={SciELO Chile}
}

@article{rojas1983estimacion,
  title={Estimaci{\'o}n de la abundancia relativa de huevos y larvas de peces},
  author={Rojas, O and Mujica, A and Labra, M and Ledermann, G and Miles, H},
  journal={AP83/31. Santiago, Chile, IFOP-80p},
  year={1983}
}

@article{valle2006observations,
  title={Observations of bipolar residual circulation in two equatorward-facing semiarid bays},
  author={Valle-Levinson, Arnoldo and Moraga-Opazo, Julio},
  journal={Continental Shelf Research},
  volume={26},
  number={2},
  pages={179--193},
  year={2006},
  publisher={Elsevier}
}

@Article{sg,
  author  = {Serra, R., E. Gil.},
  journal = {Rev. Com. Perm. Pacifico Sur},
  title   = {Marcacion de anchoveta en la zona norte de Chile. Metodolog ´ ´ıa y trabajospreliminares.},
  year    = {1975},
  pages   = {3:3-19},
}

@article{martinez1998informe,
  title={Informe Final FIP 96-04. Programa de marcaje de anchoveta Fase I: Marcaci{\'o}n},
  author={Mart{\'\i}nez Far{\'\i}as, C and Aranis Rodr{\'\i}guez, AF and Baros Pinto, V and Barr{\'\i}a Mart{\'\i}nez, PL and Blanco Garc{\'\i}a, JL and B{\"o}hm Stoffel, MG},
  year={1998},
  publisher={Instituto de Fomento Pesquero}
}

@article{cerna2016daily,
  title={Daily growth patterns of juveniles and adults of the Peruvian anchovy (Engraulis ringens) in northern Chile},
  author={Cerna, Francisco and Plaza, Guido},
  journal={Marine and Freshwater Research},
  volume={67},
  number={7},
  pages={899--912},
  year={2016},
  publisher={CSIRO Publishing}
}

@article{rademeyer2007tips,
  title={Tips and tricks in designing management procedures},
  author={Rademeyer, Rebecca A and Plag{\'a}nyi, {\'E}va E and Butterworth, Doug S},
  journal={ICES Journal of Marine Science},
  volume={64},
  number={4},
  pages={618--625},
  year={2007},
  publisher={Oxford University Press}
}

@Article{Hordyk2023,
  author = {Hordyk, A., Q. Huynh and T. Carruthers.},
  title  = {. MSEtool: Management Strategy Evaluation Toolkit. R package version 3.6.2.},
  year   = {2023},
  note   = {. https://CRAN.R-project.org/package=MSEtool.},
}

@Article{Huynh2023,
  author = {Huynh, Q., T. Carruthers and A. Hordyk.},
  title  = {SAMtool: Stock Assessment Methods Toolkit. R package version 1.5.2.},
  year   = {2023},
  note   = { https://CRAN.R-project.org/package=SAMtool},
}

@article{carruthers2018data,
  title={The Data-Limited Methods Toolkit (DLM tool): An R package for informing management of data-limited populations},
  author={Carruthers, Thomas R and Hordyk, Adrian R},
  journal={Methods in Ecology and Evolution},
  volume={9},
  number={12},
  pages={2388--2395},
  year={2018}
}

@article{Hordyk2019,
  author = {Hordyk, A. and D. Newman.},
  title  = {Rebuilding Analysis of the Chile Common Hake Fishery. Final Report. Nekton Consulting.},
  year   = {2019},
  pages  = {43},
}

@article{Hernandez2023,
  author = {Hernandez, C. and Morales, N. and D\'iaz, E. and Lichtenberg, M. and P\'erez, G. and Pizarro, M. and Bustamante, A. and Cerna, F. and Machuca, C. and Rodr\'iguez, C. and Ojeda, R. and Aravena, R. and Mu\~noz, G. and Gaspar, C. and Y\'a\~nez, O. and Garc\'ia, M.C.},
  title  = {Programa de Seguimiento de las Principales Pesquer\'ias Pel\'agicas de la zona norte de Chile, entre las Regiones de Arica y Parinacota y Coquimbo, a\~no 2022.},
  year   = {2023},
  pages  = {349},
}

@article{espinola2023,
  title={Estatus y posibilidades de explotación biológicamente sustentables de anchoveta y sardina española, Región de Arica y Parinacota a la Región de Antofagasta, CBA al año 2023. Segundo Informe},
  author={Espíndola, F.},
  journal={SUBSECRETARÍA DE ECONOMÍA y EMT. IFOP},
  year={2023},
  pages={125},
  url={http://190.151.20.106/exlibris/aleph/a23_1/apache_media/RC37BSTI17P4VCMLRDVGPL9QY9LNT9.pdf}
}

@article{martinez2009,
  title={Programa Seguimiento del Estado de Situación de las Principales Pesquerías Nacionales. Proyecto Investigación de la Situación de la Pesquería Pelágica de la Zona Norte, 2008- Informa Final, Convenio SUBPESCA – IFOP},
  author={Martínez, C. and Bohm, G. and Díaz, E. and Ossa, L. and Reyes, H. and Aravena, R. and Cerna, F. and Boic, V. and Machuca, C. and Muñoz, L. and Troncoso, M.},
  year={2009},
  publisher={Instituto de Fomento Pesquero},
  address={Valparaíso, Chile}
}

@article{serra2013,
  title={Investigacion del Estatus y Evaluación de Estrategias de Explotación Sustentables 2013, de las Principales Pesquerías Chilenas. Actividad 1: Peces Pelágicos: Anchoveta y sardina española XV, I y II Regiones. 2011. Informe Final},
  author={Serra, R. and Canales, C.},
  year={2013}
}

@article{plaza2012,
  title={Validación de formación de anillos primarios y macro-anillos de crecimiento en otolitos de anchoveta de la zona norte},
  author={Plaza, G. and Cerna, F. and Legua, J.},
  year={2012},
  publisher={PROY. SUBPESCA ID No4728-31LP11},
  pages={130}
}

@article{jj1969generalized,
  title={A generalized stock production model},
  author={Pella, JJ},
  journal={Bull. Inter. Am. Trop. Tuna Comm.},
  volume={13},
  pages={419--496},
  year={1969}
}

@article{produce2021,
  title={Informe sobre la situación de la anchoveta disponible en la región sur del mar peruano y perspectivas de explotación para la primera temporada de pesca de 2022},
  author={PRODUCE},
  year={2021},
  journal={Resolución ministerial N° 173},
  pages={15},
}

@article{mohn1999retrospective,
  title={The retrospective problem in sequential population analysis: an investigation using cod fishery and simulated data},
  author={Mohn, Robert},
  journal={ICES Journal of Marine Science},
  volume={56},
  number={4},
  pages={473--488},
  year={1999},
  publisher={Oxford University Press}
}

@article{hurtado2015looking,
  title={Looking in the rear-view mirror: bias and retrospective patterns in integrated, age-structured stock assessment models},
  author={Hurtado-Ferro, Felipe and Szuwalski, Cody S and Valero, Juan L and Anderson, Sean C and Cunningham, Curry J and Johnson, Kelli F and Licandeo, Roberto and McGilliard, Carey R and Monnahan, Cole C and Muradian, Melissa L and others},
  journal={ICES Journal of Marine Science},
  volume={72},
  number={1},
  pages={99--110},
  year={2015},
  publisher={ICES/CIEM}
}

@article{huynh2022closed,
  title={A closed-loop simulation framework and indicator approach for evaluating impacts of retrospective patterns in stock assessments},
  author={Huynh, Quang C and Legault, Christopher M and Hordyk, Adrian R and Carruthers, Tom R},
  journal={ICES Journal of Marine Science},
  volume={79},
  number={7},
  pages={2003--2016},
  year={2022},
  publisher={Oxford University Press}
}

@article{canales2021empirical,
  title={Empirical survey-based harvest control rules in a transboundary small pelagic fishery under recruitment regime shifts: The case of the northern Chilean-southern Peruvian anchovy},
  author={Canales, Cristian M and Cubillos, Luis A},
  journal={Marine Policy},
  volume={134},
  pages={104784},
  year={2021},
  publisher={Elsevier}
}